@article{tobes2015biographika,
  title={Biographika: rich interactive data visualizations on the web for the research community},
  author={Tobes, Pablo Pareja and Tobes, Eduardo Pareja and Manrique, Marina and Pareja, Eduardo and Tobes, Raquel},
  journal={bioRxiv},
  pages={021063},
  year={2015},
  publisher={Cold Spring Harbor Labs Journals}
}
@article{pareja2015bio4j,
  title={Bio4j: a high-performance cloud-enabled graph-based data platform},
  author={Pareja-Tobes, Pablo and Tobes, Raquel and Manrique, Marina and Pareja, Eduardo and Pareja-Tobes, Eduardo},
  journal={bioRxiv},
  pages={016758},
  year={2015},
  publisher={Cold Spring Harbor Labs Journals}
}
@article{franzosa2015identifying,
  title={Identifying personal microbiomes using metagenomic codes},
  author={Franzosa, Eric A and Huang, Katherine and Meadow, James F and Gevers, Dirk and Lemon, Katherine P and Bohannan, Brendan JM and Huttenhower, Curtis},
  journal={Proceedings of the National Academy of Sciences},
  pages={201423854},
  year={2015},
  publisher={National Acad Sciences}
}
@article{zeller2014potential,
  title={Potential of fecal microbiota for early-stage detection of colorectal cancer},
  author={Zeller, Georg and Tap, Julien and Voigt, Anita Y and Sunagawa, Shinichi and Kultima, Jens Roat and Costea, Paul I and Amiot, Aur{\'e}lien and B{\"o}hm, J{\"u}rgen and Brunetti, Francesco and Habermann, Nina and others},
  journal={Molecular systems biology},
  volume={10},
  number={11},
  pages={766},
  year={2014},
  publisher={EMBO Press}
}
@article{federhen2014type,
  title={Type material in the NCBI Taxonomy Database},
  author={Federhen, Scott},
  journal={Nucleic acids research},
  pages={gku1127},
  year={2014},
  publisher={Oxford Univ Press}
}
@article{cole2013ribosomal,
  title={Ribosomal Database Project: data and tools for high throughput rRNA analysis},
  author={Cole, James R and Wang, Qiong and Fish, Jordan A and Chai, Benli and McGarrell, Donna M and Sun, Yanni and Brown, C Titus and Porras-Alfaro, Andrea and Kuske, Cheryl R and Tiedje, James M},
  journal={Nucleic acids research},
  pages={gkt1244},
  year={2013},
  publisher={Oxford Univ Press}
}
@article{stephens2015big,
  title={Big Data: Astronomical or Genomical?},
  author={Stephens, Zachary D and Lee, Skylar Y and Faghri, Faraz and Campbell, Roy H and Zhai, Chengxiang and Efron, Miles J and Iyer, Ravishankar and Schatz, Michael C and Sinha, Saurabh and Robinson, Gene E},
  journal={PLoS Biol},
  volume={13},
  number={7},
  pages={e1002195},
  year={2015},
  publisher={Public Library of Science}
}
@article{kennedy2014evaluating,
  title={Evaluating bias of Illumina-based bacterial 16S rRNA gene profiles},
  author={Kennedy, Katherine and Hall, Michael W and Lynch, Michael DJ and Moreno-Hagelsieb, Gabriel and Neufeld, Josh D},
  journal={Applied and environmental microbiology},
  volume={80},
  number={18},
  pages={5717--5722},
  year={2014},
  publisher={Am Soc Microbiol}
}
@article{cochrane20102010,
  title={The 2010 nucleic acids research database issue and online database collection: a community of data resources},
  author={Cochrane, Guy R and Galperin, Michael Y},
  journal={Nucleic acids research},
  volume={38},
  number={suppl 1},
  pages={D1--D4},
  year={2010},
  publisher={Oxford Univ Press}
}
